
@ARTICLE{4244645, 
author={Z. Aydin and Y. Altunbasak and H. Erdogan}, 
journal={IEEE Transactions on Signal Processing}, 
title={Bayesian Protein Secondary Structure Prediction With Near-Optimal Segmentations}, 
year={2007}, 
volume={55}, 
number={7}, 
pages={3512-3525}, 
doi={10.1109/TSP.2007.894404}, 
ISSN={1053-587X}, 
month={July},}
 
@book{Dunteman.1989,
 author = {Dunteman, George Henry},
 year = {1989},
 title = {Principal components analysis},
 address = {Newbury Park, Calif.},
 volume = {69},
 publisher = {{Sage Publ}},
 isbn = {9780803931046},
 series = {Quantitative Applications in the Social Sciences}
}
 
@article{Altschul.1998,
 author = {Altschul, Stephen F. and Koonin, Eugene V.},
 year = {1998},
 title = {{Iterated profile searches with PSI-BLAST---a tool for discovery in protein databases}},
 pages = {444--447},
 volume = {23},
 number = {11},
 issn = {09680004},
 journal = {Trends in Biochemical Sciences},
 doi = {10.1016/S0968-0004(98)01298-5}
}
 
@article{Meiler.2001,
 author = {Meiler, Jens and Zeidler, Anita and Schmäschke, Felix and Müller, Michael},
 year = {2001},
 title = {Generation and evaluation of dimension-reduced amino acid parameter representations by artificial neural networks},
 pages = {360--369},
 volume = {7},
 number = {9},
 issn = {1610-2940},
 journal = {Journal of Molecular Modeling},
 doi = {10.1007/s008940100038}
}
 
@article{Iqbal.2015,
author = {Iqbal, Sumaiya and Hoque, Md Tamjidul},
 year = {2015},
 title = {DisPredict: A Predictor of Disordered Protein Using Optimized RBF Kernel},
 pages = {e0141551},
 volume = {10},
 number = {10},
 journal = {PloS one},
 doi = {10.1371/journal.pone.0141551}
}
 
@article{Iqbal.2015_2,
 author = {Iqbal, Sumaiya and Mishra, Avdesh and Hoque, Md Tamjidul},
 year = {2015},
 title = {Improved prediction of accessible surface area results in efficient energy function application},
 keywords = {Amino Acids/chemistry;Models, Theoretical;Molecular Structure;Surface Properties},
 pages = {380--391},
 volume = {380},
 issn = {0022-5193},
 journal = {Journal of theoretical biology},
 doi = {10.1016/j.jtbi.2015.06.012}
}
 
@Article{Dill.2012,
 author = {Dill, Ken A. and MacCallum, Justin L.},
 year = {2012},
 title = {The protein-folding problem, 50 years on},
 pages = {1042--1046},
 volume = {338},
 number = {6110},
 journal = {Science (New York, N.Y.)},
 doi = {10.1126/science.1219021}
}
 
@article{Sen.2005,
 author = {Sen, Taner Z. and Jernigan, Robert L. and Garnier, Jean and Kloczkowski, Andrzej},
 year = {2005},
 title = {{GOR V server for protein secondary structure prediction}},
 pages = {2787--2788},
 volume = {21},
 number = {11},
 issn = {1367-4803},
 journal = {Bioinformatics},
 doi = {10.1093/bioinformatics/bti408}
}
 
@article{Rost.2003,
 author = {Rost, Burkhard},
 title = {{Rising Accuracy of Protein Secondary Structure Prediction}},
  journal={Protein structure determination, analysis, and modeling for drug discovery},
  pages={207--249},
  year={2003},
  publisher={Dekker, New York}
}
 
@article{Frishman.1995,
 author = {Frishman, D. and Argos, P.},
 year = {1995},
 title = {Knowledge-based protein secondary structure assignment},
 keywords = {Algorithms;Amino Acid Sequence;Hydrogen Bonding;Macromolecular Substances;Models, Molecular;Models, Theoretical;Probability;Protein Structure, Secondary;Proteins/chemistry;Software},
 pages = {566--579},
 volume = {23},
 number = {4},
 issn = {0887-3585},
 journal = {Proteins},
 doi = {10.1002/prot.340230412}
}
 
@article{Richards.1988,
 author = {Richards, F. M. and Kundrot, C. E.},
 year = {1988},
 title = {Identification of structural motifs from protein coordinate data: Secondary structure and first-level supersecondary structure},
 keywords = {Computer Simulation;Models, Molecular;Protein Conformation;Proteins;Software},
 pages = {71--84},
 volume = {3},
 number = {2},
 issn = {0887-3585},
 journal = {Proteins},
 doi = {10.1002/prot.340030202}
}
 
@misc{Wilman.2014,
 author = {Wilman, Henry},
publisher = {Oxford Protein Informatics Grou},
 year = {2014},
 urldate = {15-07-2018},
 title = {{DSSP | Oxford Protein Informatics Group}},
 url = {https://www.blopig.com/blog/2014/08/dssp/},
 note = {[Accessed: 15- Aug- 2018]}
}
 
@article{Martin.2005,
 author = {Martin, Juliette and Letellier, Guillaume and Marin, Antoine and Taly, Jean-Fran{\c{c}}ois and de Brevern, Alexandre G. and Gibrat, Jean-Fran{\c{c}}ois},
 year = {2005},
 title = {Protein secondary structure assignment revisited: a detailed analysis of different assignment methods},
 pages = {17},
 volume = {5},
 journal = {BMC Structural Biology},
 doi = {10.1186/1472-6807-5-17}
}
 
@book{Baldi.2001,
 author = {Baldi, Pierre and Brunak, S{\o}ren},
 year = {2001},
 title = {Bioinformatics: The machine learning approach},
 edition = {2.},
 publisher = {{MIT Press}},
 isbn = {026202506X}
}
 
@article{Edman.1950,
 author = {Edman, Pehr},
 year = {1950},
 title = {Method for determination of the amino acid sequence in peptides},
 pages = {283--293},
 volume = {4},
 number = {7},
 journal = {Acta chem. scand}
}
 
@article{Wysocki.2005,
 author = {Wysocki, Vicki H. and Resing, Katheryn A. and Zhang, Qingfen and Cheng, Guilong},
 year = {2005},
 title = {Mass spectrometry of peptides and proteins},
 pages = {211--222},
 volume = {35},
 number = {3},
 issn = {1046-2023},
 journal = {Methods (San Diego, Calif.)},
 doi = {10.1016/j.ymeth.2004.08.013}
}
 
@book{Milo.2016,
 author = {Milo, Ron and Phillips, Rob},
 year = {2016},
 title = {Cell biology by the numbers},
 publisher = {{Garland Science}},
 isbn = {9780815345374}
}
 
@article{McPherson.2014,
 author = {McPherson, Alexander and Gavira, Jose A.},
 year = {2014},
 title = {Introduction to protein crystallization},
 pages = {2--20},
 volume = {70},
 number = {1},
 journal = {Acta crystallographica. Section F, Structural biology communications},
 doi = {10.1107/S2053230X13033141}
}
 
@article{Edwards.2009,
 author = {Edwards, John C.},
 year = {2009},
 title = {{Principles of NMR}},
 volume = {6810},
 journal = {Process NMR Associates LLC, 87A Sand Pit Rd, Danbury CT}
}
 
@article{Burley.2018,
 author = {Burley, Stephen K. and Berman, Helen M. and Christie, Cole and Duarte, Jose M. and Feng, Zukang and Westbrook, John and Young, Jasmine and Zardecki, Christine},
 year = {2018},
 title = {{RCSB Protein Data Bank: Sustaining a living digital data resource that enables breakthroughs in scientific research and biomedical education}},
 pages = {316--330},
 volume = {27},
 number = {1},
 journal = {Protein science : a publication of the Protein Society},
 doi = {10.1002/pro.3331}
}
 
@article{McPherson.2015,
 author = {McPherson, Alexander and DeLucas, Lawrence James},
 year = {2015},
 title = {Microgravity protein crystallization},
 number = {15010},
 volume = {1},
 journal = {Npj Microgravity},
 doi = {10.1038/npjmgrav.2015.10}
}
 
@article{Bi.1994,
 author = {Bi, R. C. and Gui, L. L. and Shi, K. and Wang, Y. P. and Chen, S. Z. and Han, Q. and Hu, Y. L. and Shen, F. L. and Niu, X. T. and Hua, Z. Q.},
 year = {1994},
 title = {Protein crystal growth in microgravity},
 keywords = {Crystallization;Muramidase/chemistry;Phospholipases A/chemistry;Phospholipases A2;Proteins/chemistry;Spacecraft;Weightlessness},
 pages = {1185--1191},
 volume = {37},
 number = {10},
 journal = {Science in China. Series B, Chemistry, life sciences {\&} earth sciences}
}
 
@article{TheUniProtConsortium.2017,
 author = {{The UniProt Consortium}},
 year = {2017},
 title = {{UniProt: The universal protein knowledgebase}},
 keywords = {Computational Biology/methods;Databases, Protein;Genomics/methods;Proteome;Proteomics/methods;Web Browser},
 pages = {D158-D169},
 volume = {45},
 number = {D1},
 issn = {0305-1048},
 journal = {Nucleic acids research},
 doi = {10.1093/nar/gkw1099}
}
 
@book{Gromiha.2010,
 author = {Gromiha, M. Michael},
 year = {2010},
 title = {Protein Bioinformatics: From Sequence to Function},
 publisher = {{Academic Press}},
 isbn = {8131222977}
}
 
@article{Cuff.1999,
 author = {Cuff, J. A. and Barton, G. J.},
 year = {1999},
 title = {Evaluation and improvement of multiple sequence methods for protein secondary structure prediction},
 keywords = {Algorithms;Computer Simulation;Databases, Factual;Models, Statistical;Protein Structure, Secondary;Reproducibility of Results;Sequence Alignment},
 pages = {508--519},
 volume = {34},
 number = {4},
 issn = {0887-3585},
 journal = {Proteins}
}
 
@article{kendrew1958three,
  title={A three-dimensional model of the myoglobin molecule obtained by x-ray analysis},
  author={Kendrew, John C and Bodo, G and Dintzis, Howard M and Parrish, R G and Wyckoff, Harold and Phillips, David C},
  journal={Nature},
  volume={181},
  number={4610},
  pages={662--666},
  year={1958},
  publisher={Springer}
}
 
@book{Duda.2001,
  title = {Pattern Classification (2Nd Edition)},
  author={Duda, Richard O and Hart, Peter E and Stork, David G},
  year={2000},
  publisher={John Wiley \& Sons}
}
 
@article{Faraggi.2012,
 author = {Faraggi, Eshel and Zhang, Tuo and Yang, Yuedong and Kurgan, Lukasz and Zhou, Yaoqi},
 year = {2012},
 title = {{SPINE X: Improving protein secondary structure prediction by multistep learning coupled with prediction of solvent accessible surface area and backbone torsion angles}},
 pages = {259--267},
 volume = {33},
 number = {3},
 journal = {Journal of computational chemistry},
 doi = {10.1002/jcc.21968}
}
 
@article{Rost.1996,
 author = {Rost, B.},
 year = {1996},
 title = {PHD: predicting one-dimensional protein structure by profile-based neural networks},
 keywords = {Amino Acid Sequence;Databases, Factual;Evolution, Molecular;Molecular Sequence Data;Neural Networks (Computer);Paracoccus/enzymology;Probability;Protein Structure, Secondary;Proteins/chemistry/genetics;Reproducibility of Results;Sequence Homology, Amino Acid;Software},
 pages = {525--539},
 volume = {266},
 issn = {0076-6879},
 journal = {Methods in enzymology}
}
 
@article{Rost.1993b,
 author = {Rost, B. and Sander, C.},
 year = {1993},
 title = {Prediction of protein secondary structure at better than 70{\%} accuracy},
 keywords = {0 (Membrane Proteins);Mathematical Computing;Membrane Proteins;Neural Networks (Computer);Protein Structure, Secondary;Reproducibility of Results;Sequence Alignment/methods},
 pages = {584--599},
 volume = {232},
 number = {2},
 issn = {0022-2836},
 journal = {Journal of molecular biology},
 doi = {10.1006/jmbi.1993.1413}
}
 
@article{Rost.2004,
 author = {Rost, Burkhard and Yachdav, Guy and Liu, Jinfeng},
 year = {2004},
 title = {{The PredictProtein server}},
 pages = {W321-W326},
 volume = {32},
 number = {Web Server issue},
 issn = {0305-1048},
 journal = {Nucleic acids research},
 doi = {10.1093/nar/gkh377}
}
 
@book{Graf.2011,
 year = {2011},
 title = {HMModeler, a new approach for designing profile HMMs for protein families},
 publisher =    {{Proceedings of the 6th European Conference on Computer Systems}},
 editor = {Graf, Roland and Aigner, Michael and Lechner, Michael and Schroffner, Daniel and Lackner, Peter and Wegenkittl, Stefan}
}
 
@article{Needleman.1970,
 author = {Needleman, Saul B. and Wunsch, Christian D.},
 year = {1970},
 title = {A general method applicable to the search for similarities in the amino acid sequence of two proteins},
 pages = {443--453},
 volume = {48},
 number = {3},
 issn = {0022-2836},
 journal = {Journal of molecular biology},
 doi = {10.1016/0022-2836(70)90057-4}
}
 
@misc{Sonnhammer.xxx,
 author = {Sonnhammer, Erik},
 title = {Stockholm format},
 url = {http://sonnhammer.sbc.su.se/Stockholm.html},
 urldate = {15.08.2018},
 note = {[Accessed: 15- Aug- 2018]}
}
%, note = {Accessed 15. August 2017}
 
@article{Kabsch.1983,
 author = {Kabsch, W. and Sander, C.},
 year = {1983},
 title = {Dictionary of protein secondary structure: pattern recognition of hydrogen-bonded and geometrical features},
 pages = {2577--2637},
 volume = {22},
 number = {12},
 issn = {0006-3525},
 journal = {Biopolymers},
 doi = {10.1002/bip.360221211}
}
 
@article{Shannon.1948,
 author = {Shannon, C. E.},
 year = {1948},
 title = {{A Mathematical Theory of Communication}},
 pages = {379--423},
 volume = {27},
 number = {3},
 issn = {00058580},
 journal = {Bell System Technical Journal},
 doi = {10.1002/j.1538-7305.1948.tb01338.x}
}
 
@book{Mezard.2009,
 author = {Mezard, Marc and Montanari, Andrea},
 year = {2009},
 title = {Information, Physics, and Computation},
 price = {{\pounds}49.95},
 keywords = {Coding theory;Computer science;Statistical physics},
 address = {Oxford},
 publisher = {{Oxford University Press}},
 isbn = {019857083X},
 series = {Oxford graduate texts}
}
 
@phdthesis{MathiasOberkirchner.2014,
 author = { Oberkirchner, Mathias},
 year = {2014},
 title = {{Softwareentwicklung einer Client-Server-Architektur f{\"u}r Scientific Computing am Beispiel des Bioinformatiktools HMModeler}},
 address = {Salzburg},
 publisher = {Salzburg University of Applied Sciences},
 school = {Salzburg University of Applied Sciences},
 type = {Master's thesis}
}
 
@phdthesis{Mayer.2014,
 author = { Mayer, Ulrich},
 year = {2014},
 title = {{Secondary Structure Profile HMMs}},
 address = {Salzburg},
 publisher = {Salzburg University of Applied Sciences},
 school = {Salzburg University of Applied Sciences},
 type = {Master's thesis}
}
 
@book{Selzer.2004,
 author = {Selzer, Paul M. and Marh{\"o}fer, Richard J. and Rohwer, Andreas},
 year = {2004},
 title = {Angewandte Bioinformatik: Eine Einf{\"u}hrung},
 url = {http://dx.doi.org/10.1007/978-3-642-18494-9},
 keywords = {Bioinformatics;Biology;Data processing;Life sciences},
 address = {Berlin and Heidelberg},
 publisher = {Springer},
 isbn = {9783540007586},
 series = {Springer-Lehrbuch},
 doi = {10.1007/978-3-642-18494-9}
}
 
@article{Fox.2014b,
 author = {Fox, Naomi K. and Brenner, Steven E. and Chandonia, John-Marc},
 year = {2014},
 title = {{SCOPe: Structural Classification of Proteins--extended, integrating SCOP and ASTRAL data and classification of new structures}},
 pages = {D304-D313},
 volume = {42},
 number = {Database issue},
 issn = {0305-1048},
 journal = {Nucleic acids research},
 doi = {10.1093/nar/gkt1240}
}
 
@article{NasrulIslam.2016,
 author = {{ Md N. Islam}  and Iqbal, Sumaiya and Katebi, Ataur R. and {Md T. Hoque}},
 year = {2016},
 title = {A balanced secondary structure predictor},
 pages = {60--71},
 volume = {389},
 issn = {0022-5193},
 journal = {Journal of theoretical biology},
 doi = {10.1016/j.jtbi.2015.10.015}
}
 
@article{Murzin.1995,
 author = {Murzin, A. G. and Brenner, S. E. and Hubbard, T. and Chothia, C.},
 year = {1995},
 title = {{SCOP: a structural classification of proteins database for the investigation of sequences and structures}},
 pages = {536--540},
 volume = {247},
 number = {4},
 issn = {0022-2836},
 journal = {Journal of molecular biology},
 doi = {10.1006/jmbi.1995.0159}
}
 
@article{Thompson.1994,
 year = {1994},
 author={Thompson, J. D. and Higgins, D. G. and Gibson, T. J.},
 title = {CLUSTAL W: improving the sensitivity of progressive multiple sequence alignment through sequence weighting, position-specific gap penalties and weight matrix choice},
 pages = {4673--4680},
 volume = {22},
 number = {22},
 issn = {0305-1048},
 journal = {Nucleic acids research}
}
 
@article{Galperin.2017,
 author = {Galperin, Michael Y. and Fern{\'a}ndez-Su{\'a}rez, Xos{\'e} M. and Rigden, Daniel J.},
 year = {2017},
 title = {{The 24th annual Nucleic Acids Research database issue: a look back and upcoming changes}},
 keywords = {Databases, Chemical/trends;Databases, Nucleic Acid/trends;Databases, Protein/trends;Genomics;Humans},
 pages = {D1-D11},
 volume = {45},
 number = {D1},
 issn = {0305-1048},
 journal = {Nucleic acids research},
 doi = {10.1093/nar/gkw1188}
}
 
@book{Keith.2008,
 author = {Keith, Jonathan M.},
 year = {2008},
 title = {Bioinformatics: Volume I: Data, Sequence Analysis and Evolution},
 volume = {452},
 publisher = {{Humana Press}},
 isbn = {978-1588297075},
 series = {Methods in molecular biology}
}
 
@book{Durbin.1998,
 title={Biological sequence analysis: probabilistic models of proteins and nucleic acids},
  author={Durbin, Richard and Eddy, Sean R and Krogh, Anders and Mitchison, Graeme},
  year={1998},
  publisher={Cambridge university press}
}
 
@MISC{Durbin98biologicalsequence,
    author = {Richard Durbin and Sean Eddy and Anders Krogh and Graeme Mitchison},
    title = {Biological sequence analysis: probabilistic models of proteins and nucleic acids },
    year = {1998}
}
 
@Article{IUPACIUBJointCommissiononBiochemicalNomenclature.1984,
 author = {{IUPAC-IUB Joint Commission on Biochemical Nomenclature}},
 year = {1984},
 title = {Nomenclature and Symbolism for Amino Acids and Peptides. Recommendations 1983},
 pages = {9--37},
 volume = {138},
 number = {1},
 issn = {0014-2956},
 journal = {European Journal of Biochemistry},
 doi = {10.1111/j.1432-1033.1984.tb07877.x}
}
 
@book{Berg.imp.2002,
 author = {Berg, Jeremy M. and Tymoczko, John L. and Stryer, Lubert and Clarke, Neil D.},
 year = {2002},
 title = {Biochemistry},
 edition = {5.},
 publisher = {{W.H. Freeman}},
 isbn = {9780716749547}
}
 
@article{Zhang.2010,
 year = {2010},
 title = {Overview of peptide and protein analysis by mass spectrometry},
 pages = {Unit16.1},
 volume = {Chapter 16},
 issn = {1934-3663},
 journal = {Current protocols in protein science},
 doi = {10.1002/0471140864.ps1601s62}
}
 
@book{Nelson.2013,
	author = {Nelson, David L. and Cox, Michael M. },
	year = {2013},
	title = {Lehninger Principles of Biochemistry},
	edition = {6.},
	publisher = {{W.H. Freeman and Company}},
	isbn = {1429234148}
}
 
@incollection{MalaJohn.2011,
 author = {{Mala John}, Geraldine Sandana and Rose, Chellan and Takeuchi, Satoru},
 title = {Understanding Tools and Techniques in Protein Structure Prediction},
 publisher = {{INTECH Open Access Publisher}},
 isbn = {978-953-307-875-5},
 editor = {Stewart, Robert and Gideoni, Iftah and Zhu, Yonggang},
 booktitle = {Signal Processing Methods for Capillary Electrophoresis},
 year = {2011},
 doi = {10.5772/18585}
}
 
@book{MELVILLE:MOBYDICK1997,
	Author = {Melville},
	Isbn = {88-11-30529-2},
	Pages = {502},
	Publisher = {Garzanti},
	Title = {Moby Dick},
	Year = {1997}}
	
%================================================================================
% IETF RFCs
% fuer month kann man die Kuerzel jan,feb,mar,apr,may,jun,jul,aug,sep,oct,nov,dec ohne klammer verwenden (auch fuer deutsche Arbeiten)
@Manual{RFC2828,
  title = 	 	 {Internet Security Glossary (IETF RFC 2828)},
  author = 	 	 {Shirey, R.},
  organization = {The Internet Society},
  month = 	 	 may,
  year = 	 	 {2000}
}
% IETF Internet-Drafts
% Umlaute als "a, "o und "u eingeben
@Misc{IDSSM,
  author = 	 	 {Holbrook, H. and Cain, B.},
  title = 	 	 {{Source-Specific Multicast for IP (IETF Internet-Draft $<$draft-ietf-ssm-arch-07.txt$>$)}},
  note =         	 {Ung"ultig ab 4. April 2006},
  howpublished = 	 {Eine Online-Version ist verf"ugbar unter \url{http://ietfreport.isoc.org/all-ids/draft-ietf-ssm-arch-07.txt} (16.11.2005)},
  month = 	 	 oct,
  year = 	 	 {2005}
}
 
@article{BERNSTEIN.1977,
 author = {Bernstein, Frances C. and others},
 year = {1977},
 title = {The Protein Data Bank. A Computer-Based Archival File for Macromolecular Structures},
 pages = {319--324},
 volume = {80},
 number = {2},
 issn = {0014-2956},
 journal = {European Journal of Biochemistry},
 doi = {10.1111/j.1432-1033.1977.tb11885.x}
}
 
@article{Rose.2017,
 author = {Rose, Peter W. and others},
 year = {2017},
 title = {The RCSB protein data bank: integrative view of protein, gene and 3D structural information},
 pages = {D271-D281},
 volume = {45},
 number = {D1},
 issn = {0305-1048},
 journal = {Nucleic acids research},
 doi = {10.1093/nar/gkw1000}
}
%